@article{pldi17,
   author={Troels Henriksen, Niels G. W. Serup, Martin Elsman, Fritz Henglein, and Cosmin E. Oancea},
   title={Futhark: Purely Functional GPU-Programming with
Nested Parallelism and In-Place Array Updates}
}

@article{fhcp16,
   author={Troels Henriksen, Martin Dybdal, Henrik Urms, Anna Sofie Kiehn, Daniel Gavin,
Hjalte Abelskov, Martin Elsman, Cosmin Oancea},
   title={APL on GPUs: A TAIL from the Past, Scribbled in Futhark}
   }

@article{pldi12,
   author={Charisee Chiw Gordon Kindlmann John Reppy Lamont Samuels Nick Seltzer},
   title={Diderot: A Parallel DSL for Image Analysis and Visualization}
}